/Users/rl1m/Dropbox/References/Database/genomics.bib